@book{allgower1990numerical,
  title={Numerical Continuation Methods: An Introduction},
  author={Allgower, Eugene L. and Georg, Kurt},
  year={1990},
  publisher={Springer Verlag Berlin Heidelberg}
}


@article{halkidi2001clustering,
  title={On clustering validation techniques},
  author={Halkidi, Maria and Batistakis, Yannis and Vazirgiannis, Michalis},
  journal={Journal of intelligent information systems},
  volume={17},
  number={2-3},
  pages={107--145},
  year={2001},
  publisher={Springer}
}


@inproceedings{davidenko1953new,
  title={On a new method of numerical solution of systems of nonlinear equations},
  author={Davidenko, DF},
  booktitle={Dokl. Akad. Nauk SSSR},
  volume={88},
  pages={601--602},
  year={1953}
}